@misc{debian,
    title        = {Debian -- The Universal Operating System},
    year         = 2022,
    howpublished = {\url{https://www.debian.org/}}
}

@misc{fedora,
    title        = {Fedora Linux},
    year         = 2022,
    howpublished = {\url{https://fedoraproject.org/}}
}
